@book{vologda,
author = "A.L. Kryukova",
title = "On Idempotent Elements of Semigroup of Increasing Monotonous Mappings",
address = "",
editor = "",
publisher = "ДК 519.65, 517.17, 512.56 Известия Саратовского университета. Новая серия. Серия Математика. Механика. Информатика",
year = 2011,
language = "russian"
}
@book{dis_kyzn,
author = "Кузнецов Н.В.",
title = "Аналитико-численные методы исследования скрытых колебаний",
address = "Санкт-Петербург",
editor = "Леонов Г.А.",
publisher = "",
year = 2016,
language = "russian"
}
@book{chistiak,
author = "Чистяков С.В.",
title = "Элементы динамической теории классических кооперативных игр",
address = "Санкт-Петербург",
editor = "Петросян Л.А.",
publisher = "",
year = 2001,
language = "russian"
}
@book{bezikovich,
author = "Besicovitch A.S.",
title = "A problem on topological transformation of the plan",
address = "Cambridge",
editor = "",
publisher = "",
year = ,
language = "russian"
}
@book{one_dem_din,
author = "Melo Welington and Strien Sebastian",
title = "One-Dimensional Dynamics",
address = "Amsterdam, Rio de Janeiro",
editor = "",
publisher = "",
year = 1992,
language = "english"
}
@book{falkone,
author = "K. Faalconer",
title = "Techniques in fractal geometry",
address = "Wiley",
editor = "",
publisher = "",
year = 1997,
language = "english"
}
@book{total_exp,
author = "Brygin S.A. and Florinskii A.A.",
title = "On the dynamics of total expansions of the real line",
address = "St. Petersburg",
editor = "",
publisher = "ISSN 0012-2661, Differential Equations, Vol. 50, No. 13, pp. 1691–1694 Pleiades Publishing",
year = 2014,
language = "english"
}




@article{scan_gant,
author = "Gantmacher, F.R.", 
title = "The Theory of Matrices",
journal = "Chelsea Publishing Company",
note="New York",
year = 1959,
language = "english"
}

@article{scan_boich,
author = "Boichenko, V.A. and Leonov, G.A.", 
title = "Lyapunov Function, Lozinskii Norms and the Hausdorff Mcasure in the Qualitative Theory of Differential Equations.",
journal = "American Mathematical Society Translations",
volume= 193,
number=2,
year = 1999,
pages={1-26},
language = "english"
}

@article{scan_leon,
author = "Leonov, G.A.", 
title = "Strange Attractors and Classical Stability Theory.",
journal = "St. Petersburg University Press",
year = 2008,
pages={160},
note="St. Petersburg.",
language = "english"
}



@article{scan_leonov_lyap,
author = "Leonov, G.A.", 
title = "Lyapunov Dimension Formulas for Henon and Lorenz Attractors.",
journal = "Vestnik St. Petersburg University, Mathematics",
volume= 13,
number=3,
year = 2002,
pages={453-464},
language = "english"
}

@article{scan_leonov_lyap_dim,
author = "Leonov, G.A.", 
title = "Lyapunov Dimension Formulas for Lorenz-like systems.",
journal = "International Journal of Bifurcation and Chaos",
year = 2016,
language = "english"
}

@article{scan_lor,
author = "Lorenz, E.N.", 
title = "Deterministic Nonperiodic Flow.",
journal = "Journal of Atmospheric Scince",
volume= 20,
year = 1963,
pages={130-141},
language = "english"
}

@article{scan_const,
author = "Constantin, P. and Foias, C. and Temam, R.", 
title = "Attractors representing turbulent flows.",
journal = "Mem. Am. Math. Soc.",
volume= 53,
number=314,
year = 1985,
language = "english"
}



