
@article{leonov,
author = "Leonov, G.A.", 
title = "{Hausdorff-Lebesgue Dimension of Attractors}",
journal = "International Journal of Bifurcations and Chaos. ",
year = 2017,
volume = 27,
number=10,
language = "english"
}

@article{surv,
author = "Luis Barreira and Katrin Gelfert.", 
title = "{Dimension estimates in smooth dynamics: a survey of recent results.}",
journal = "Ergodic Theory and Dynamical Systems",
year = 2011,
volume = 31,
number=03,
pages={641 - 671},
language = "english"
}

@article{bez,
author = "Besicovitch, A.S.", 
title = "{On existence of subsets of finite measure of sets of infinite measure.}",
journal = "Indagat.muth.",
year = 1952,
volume = 14,
pages={339 - 344},
language = "english"
}

@article{rog,
author = "Rogers, C.A.",
title = "{Hausdorff measures.}",
journal = "Cambridge University Press",
year = 1998,
language = "english"
}

@article{hunt,
author = "Hunt, B.",
title = "{Maximum local Lyapunov dimension bounds the box dimensions of a chaotic attractors.}",
journal = "Nonlinearity",
year = 1996,
volume = 9,
pages={845 - 852},
language = "english"
}

@article{hum,
author = "Humke, P.D. and Petruska, G.", 
title = "{The packing dimension of a typical continuous function is 2.}",
journal = "Real Analysis Exchange",
year = 1988,
volume = 14,
pages={345 - 357},
language = "english"
}

@article{scan_haus,
author = "F. Hausdorff", 
title = "{Dimension und {\"a}u\ss ere Ma\ss.}",
journal = "Mathematische Annalen",
year = 1919,
volume = 79,
pages={157 - 179},
language = "german"
}

@article{scan_boch,
author = "Boichenko, V.A. and Leonov, G.A. and Reitmann, V.", 
title = "{Dimension Theory for Ordinary Differential Equations.}",
journal = "Teubner",
note="Wiesbaden",
year = 2005,
pages={440},
language = "english"
}

@article{scan_leonov_est,
author = "Leonov, G.A.", 
title = "{On Estimation of the Hausdorff Dimension of Attractors.}",
journal = "Vestnik St. Petersburg University, Mathematics",
volume= 24,
number=3,
year = 1991,
pages={41},
language = "english"
}

@article{scan_blinch,
author = "Blincherskaya, M.A. and Ilyashenko, Y.S.", 
title = "{Estimate for the entropy dimension if the maximal attractor for k-contracting systems in an infinity dimensional space.}",
journal = "Russian Journal of Math. Phys.",
volume= 6,
number=1,
year = 1999,
pages={20-26},
language = "english"
}

@article{scan_daud,
author = "Douady, A. and Oesterle, I.", 
title = "{Dimension de Hausdorff des Attractors.}",
journal = "C.R. Acad. Sei. Paris. Ser. A.",
volume= 290,
number=24,
year = 1980,
pages={1135-1138},
language = "english"
}

@article{scan_kuz,
author = "Kuznetsov, N.V.", 
title = "{The Lyapunov dimention and it's estimation via the Leonov method.}",
journal = " ",
language = "english"
}

@article{Kuznetsov-2016-PLA,
  author="Kuznetsov, N.V.",
  year="2016",
  journal="Physics Letters A",
  title="The {L}yapunov dimension and its estimation via the {L}eonov method",
  volume= "380",
  number= "25-26",
  pages = "2142-2149",
  doi = "10.1016/j.physleta.2016.04.036"
}


@article{LeonovKKK-2016-CNSCS,
  author="Leonov, G.A.  and Kuznetsov, N.V. and Korzhemanova, N.A. and Kusakin, D.V.",
  year="2016",
  journal="Communications in Nonlinear Science and Numerical Simulation",
  title="{L}yapunov dimension formula for the global attractor of the {L}orenz system",
  volume= "41",
  pages = "84-103",
  doi = "10.1016/j.cnsns.2016.04.032"
}

@article{KuznetsovAL-2016,
  author="Kuznetsov, N.V. and Alexeeva, T.A. and Leonov, G.A.",
  year="2016",
  journal="Nonlinear Dynamics",
  volume="85",
  number = "1",
  title="Invariance of {L}yapunov exponents and {L}yapunov dimension for regular and irregular linearizations",
  doi="10.1007/s11071-016-2678-4",
  pages = "195-201",
}


@article{fl_11,
  author="Leonov, G. A.",
  year="2012",
  journal="Appl. Math. and Mech.",
  volume="76",
  title="{L}yapunov functions in the attractors dimension theory",
  pages = "129-141",
}

@article{fl_14,
  author="Leonov, G. A.",
  year="2008",
  journal="St.
Petersburg University Press: St. Petersburg.",
  title="{S}trange {A}ttractors and {C}lassical {S}tability {T}heory",
  pages = "160",
}

@article{fl_15,
  author="Leonov, G.A.",
  year="2013",
  journal="Doklady mathematics.",
  volume="450",
  number = "1",
  title="{F}ormulas for the {L}yapunov dimension of attractors of the
generalized {L}orenz system",
  pages = "13-18",
}

